@article{einstein1905,
  title     = {On the electrodynamics of moving bodies},
  author    = {Einstein, Albert},
  journal   = {Annalen der Physik},
  volume    = {322},
  number    = {10},
  pages     = {891--921},
  year      = {1905},
  publisher = {Wiley Online Library}
}
@misc{gunasekar2023textbooks,
      title={Textbooks Are All You Need},
      author={Suriya Gunasekar and Yi Zhang and Jyoti Aneja and Caio César Teodoro Mendes and Allie Del Giorno and Sivakanth Gopi and Mojan Javaheripi and Piero Kauffmann and Gustavo de Rosa and Olli Saarikivi and Adil Salim and Shital Shah and Harkirat Singh Behl and Xin Wang and Sébastien Bubeck and Ronen Eldan and Adam Tauman Kalai and Yin Tat Lee and Yuanzhi Li},
      year={2023},
      eprint={2306.11644},
      archivePrefix={arXiv},
      primaryClass={cs.CL}
}

‌